% This file was created with JabRef 2.7b.
% Encoding: UTF-8

@book{Audy,
  added-at = {2009-08-21T12:18:06.000+0200},
  address = {Porto Alegre},
  author = {Audy, {Jorge Luis Nicolas} and Brodbeck, {Ângela Freitag}},
  isbn = {8536301929},
  keywords = {Betriebliche_Information_und_Kommunikation Betriebliches_Informationssystem},
  pagetotal = {160},
  ppn_gvk = {477817432},
  publisher = {Bookman},
  subtitle = {planejamento e alinhamento estratégico nas organizações},
  timestamp = {2009-08-21T12:18:50.000+0200},
  title = {Sistemas de informação},
  year = 2003
}

@misc{luftman,
 title   ={Business-IT Alignment Maturity},
 url     ={https://pt.slideshare.net/zeusi9iuto/assessing-business-it-alignment-maturity},
 organization={LUFTMAN, Jerry},
 year={2010},
 urlaccessdate={27 de Março de 2016}
}

@BOOK{sbbrocco,
  title = {Metodologias Ágeis: Engenharia de Software Sob Medida},
  publisher = {Editora Erica},
  year = {2012},
  author = {J. Sbrocco, P. Macedo},
}

@BOOK{sato,
  title = {DevOps na prática: entrega de software confiável e automatizada},
  publisher = {Casa do Código},
  year = {2013},
  author = {SATO, Danilo.},
  address = {Rio de Janeiro, Brasil}
}


@misc{Carnegie,
 title   ={INFRASTRUCTURE AS CODE–FINAL REPORT},
 url     ={https://resources.sei.cmu.edu/asset_files/WhitePaper/2019_019_001_539335.pdf},
 organization={Klein John, Reynolds Douglas},
 year={2018},
 urlaccessdate={25 de agosto 2019},
}






@misc{agilealliance,
 title   ={Manifesto For Agile Software Development},
 url     ={http://agilemanifesto.org/iso/ptbr/manifesto.html},
 organization={AGILE ALLIANCE},
 year={2001},
 urlaccessdate={12 de Setembro 2014},
}


@misc{freire_felipe_ibm,
 title   ={O que é DevOps?},
 author  ={FREIRE, Felipe},
 url     ={https://www.ibm.com/developerworks/community/blogs/rationalbrasil/entry/o_que_devops?lang=en},
 organization={IBM},
 year={15 de abril de 2013},
 urlaccessdate={12 de Setembro 2014},
}

@misc{gutocarvalho,
 title   ={O que é DevOps Afinal?},
 author  ={AUGUSTO, José.},
 url     ={http://gutocarvalho.net/octopress/2013/03/16/o-que-e-um-devops-afinal},
 organization={AUGUSTO, José},
 year={15 de março de 2016},
 urlaccessdate={12 de Setembro 2014},
}

@BOOK{hittermann,
  title = {DevOps for Developrs},
  publisher = {Apress Berkely},
  year = {2012},
  author = {HTTERMANN, Michael},
  address = {CA, USA}
}

@misc{gutocarvalho,
 title   ={The Convergence of DevOps},
 author  ={WILLIS, John},
 url     ={http://itrevolution.com/the-convergence-of-devops},
 organization={IT REVELUTION PRESS},
 year={15 de março de 2016},
 urlaccessdate={12 de Setembro 2014},
}

@BOOK{hittermann,
  title = {DevOps for Developers},
  publisher = {Apress Berkely},
  year = {2012},
  author = {HTTERMANN, Michael},
  address = {CA, USA}
}

@BOOK{gome_andre_agile,
  title = {Agile – Desenvolvimento de software com entregas frequentes e foco no valor de negócio},
  publisher = {Editora Casa do Código},
  year = {2013},
  author = {GOMES, André F.},
  address = {São Paulo, Brasil}
}

 @misc{ieee_cloudwave,
 title   ={CloudWave: Where adaptive cloud management meets DevOps},
 author  ={Fritz, T. ; Keidar-Barner, S. ; Leitner, P. ; Longo, F. ; Marquezan, C. ; Metzger, A. ; Pohl, K. ; Puliafito, A.; Raz, D. ; Roth, A. ; Salant, E. ; Segall, I. ; Villari, M. ; Wolfsthal, Y. ; Woods, C.},
 url     ={http://ieeexplore.ieee.org/xpl/articleDetails.jsp?reload=true&tp&arnumber=6912638&queryText%3DDevOPS},
 organization={IEEE},
 year={15 de março de 2013},
 urlaccessdate={10 de Setembro 2014},
} 
  
@BOOK{devops_for_dummines_ibm,
  title = {DevOps For Dummies®, IBM Limited Edition},
  publisher = {John Wiley & Sons, Inc},
  year = {2014},
  author = {WILEY John; SONS},
  address = {Hoboken, New Jersey}
}
  
@misc{ieee_cloudwave,
 title   ={DevOps Diaries: Rewiring Your Organization for Failure},
 author  ={WHELAN Phiel},
 url     ={http://rewrite.ca.com/us/articles/devops/devops-diaries-rewiring-your-organization-for-failure.aspx},
 organization={Ca Inc.},
 year={15 de março de 2013},
 urlaccessdate={15 de novembro 2014},
}

@misc{ieee_feitelson,
 title   ={Development and Deployment at Facebook},
 author  ={Feitelson, D.G. Frachtenberg, E. ; Beck, K.L.},
 url     ={http://ieeexplore.ieee.org/xpl/articleDetails.jsp?tp&arnumber=6449236&queryText%3DDevOPS},
 organization={IEEE},
 year={15 de março de 2013},
 urlaccessdate={15 de novembro de 2014},
}

 
